@article {MR562002,
    AUTHOR = {Neumann, Peter M.},
     TITLE = {A lemma that is not {B}urnside's},
   JOURNAL = {Math. Sci.},
  FJOURNAL = {The Mathematical Scientist},
    VOLUME = {4},
      YEAR = {1979},
    NUMBER = {2},
     PAGES = {133--141},
      ISSN = {0312-3685},
   MRCLASS = {01A55 (20B05)},
  MRNUMBER = {562002},
MRREVIEWER = {Ascher Wagner},
}

@article {MR169921,
    AUTHOR = {Sims, Charles C.},
     TITLE = {Enumerating {$p$}-groups},
   JOURNAL = {Proc. London Math. Soc. (3)},
  FJOURNAL = {Proceedings of the London Mathematical Society. Third Series},
    VOLUME = {15},
      YEAR = {1965},
     PAGES = {151--166},
      ISSN = {0024-6115},
   MRCLASS = {20.40},
  MRNUMBER = {169921},
MRREVIEWER = {G. Zappa},
       DOI = {10.1112/plms/s3-15.1.151},
       URL = {https://doi.org/10.1112/plms/s3-15.1.151},
}

@article {MR1786236,
    AUTHOR = {Pakianathan, Jonathan and Shankar, Krishnan},
     TITLE = {Nilpotent numbers},
   JOURNAL = {Amer. Math. Monthly},
  FJOURNAL = {American Mathematical Monthly},
    VOLUME = {107},
      YEAR = {2000},
    NUMBER = {7},
     PAGES = {631--634},
      ISSN = {0002-9890},
   MRCLASS = {20D60 (11A07 20D15)},
  MRNUMBER = {1786236},
MRREVIEWER = {Dieter Jungnickel},
       DOI = {10.2307/2589118},
       URL = {https://doi.org/10.2307/2589118},
}

@article {MR1935567,
    AUTHOR = {Besche, Hans Ulrich and Eick, Bettina and O'Brien, E. A.},
     TITLE = {A millennium project: constructing small groups},
   JOURNAL = {Internat. J. Algebra Comput.},
  FJOURNAL = {International Journal of Algebra and Computation},
    VOLUME = {12},
      YEAR = {2002},
    NUMBER = {5},
     PAGES = {623--644},
      ISSN = {0218-1967},
   MRCLASS = {20D99},
  MRNUMBER = {1935567},
MRREVIEWER = {Robert M. Guralnick},
       DOI = {10.1142/S0218196702001115},
       URL = {https://doi.org/10.1142/S0218196702001115},
}

@article {MR1826989,
    AUTHOR = {Besche, Hans Ulrich and Eick, Bettina and O'Brien, E. A.},
     TITLE = {The groups of order at most 2000},
   JOURNAL = {Electron. Res. Announc. Amer. Math. Soc.},
  FJOURNAL = {Electronic Research Announcements of the American Mathematical
              Society},
    VOLUME = {7},
      YEAR = {2001},
     PAGES = {1--4},
      ISSN = {1079-6762},
   MRCLASS = {20D60},
  MRNUMBER = {1826989},
       DOI = {10.1090/S1079-6762-01-00087-7},
       URL = {https://doi.org/10.1090/S1079-6762-01-00087-7},
}

@book {MR2382539,
    AUTHOR = {Blackburn, Simon R. and Neumann, Peter M. and Venkataraman,
              Geetha},
     TITLE = {Enumeration of finite groups},
    SERIES = {Cambridge Tracts in Mathematics},
    VOLUME = {173},
 PUBLISHER = {Cambridge University Press, Cambridge},
      YEAR = {2007},
     PAGES = {xii+281},
      ISBN = {978-0-521-88217-0},
   MRCLASS = {20D60 (11N45 20-02 20D10 20D15 20E10 20F69)},
  MRNUMBER = {2382539},
MRREVIEWER = {Benjamin Klopsch},
       DOI = {10.1017/CBO9780511542756},
       URL = {https://doi.org/10.1017/CBO9780511542756},
}

@article {MR2921623,
    AUTHOR = {du Sautoy, Marcus and Vaughan-Lee, Michael},
     TITLE = {Non-{PORC} behaviour of a class of descendant {$p$}-groups},
   JOURNAL = {J. Algebra},
  FJOURNAL = {Journal of Algebra},
    VOLUME = {361},
      YEAR = {2012},
     PAGES = {287--312},
      ISSN = {0021-8693},
   MRCLASS = {20D15 (11G20)},
  MRNUMBER = {2921623},
MRREVIEWER = {Andrea Previtali},
       DOI = {10.1016/j.jalgebra.2012.03.038},
       URL = {https://doi.org/10.1016/j.jalgebra.2012.03.038},
}
@article {MR123605,
    AUTHOR = {Higman, Graham},
     TITLE = {Enumerating {$p$}-groups. {II}. {P}roblems whose solution is
              {PORC}},
   JOURNAL = {Proc. London Math. Soc. (3)},
  FJOURNAL = {Proceedings of the London Mathematical Society. Third Series},
    VOLUME = {10},
      YEAR = {1960},
     PAGES = {566--582},
      ISSN = {0024-6115},
   MRCLASS = {20.50},
  MRNUMBER = {123605},
MRREVIEWER = {H. A. Thurston},
       DOI = {10.1112/plms/s3-10.1.566},
       URL = {https://doi.org/10.1112/plms/s3-10.1.566},
}

@article {MR113948,
    AUTHOR = {Higman, Graham},
     TITLE = {Enumerating {$p$}-groups. {I}. {I}nequalities},
   JOURNAL = {Proc. London Math. Soc. (3)},
  FJOURNAL = {Proceedings of the London Mathematical Society. Third Series},
    VOLUME = {10},
      YEAR = {1960},
     PAGES = {24--30},
      ISSN = {0024-6115},
   MRCLASS = {20.00},
  MRNUMBER = {113948},
MRREVIEWER = {H. A. Thurston},
       DOI = {10.1112/plms/s3-10.1.24},
       URL = {https://doi.org/10.1112/plms/s3-10.1.24},
}


@article {MR1200081,
    AUTHOR = {Pyber, L.},
     TITLE = {Enumerating finite groups of given order},
   JOURNAL = {Ann. of Math. (2)},
  FJOURNAL = {Annals of Mathematics. Second Series},
    VOLUME = {137},
      YEAR = {1993},
    NUMBER = {1},
     PAGES = {203--220},
      ISSN = {0003-486X},
   MRCLASS = {11N45 (20D60)},
  MRNUMBER = {1200081},
MRREVIEWER = {Robert M. Guralnick},
       DOI = {10.2307/2946623},
       URL = {https://doi.org/10.2307/2946623},
}

@article {MR2410121,
    AUTHOR = {Conway, John H. and Dietrich, Heiko and O'Brien, E. A.},
     TITLE = {Counting groups: gnus, moas, and other exotica},
   JOURNAL = {Math. Intelligencer},
  FJOURNAL = {The Mathematical Intelligencer},
    VOLUME = {30},
      YEAR = {2008},
    NUMBER = {2},
     PAGES = {6--18},
      ISSN = {0343-6993},
   MRCLASS = {05A15 (20D60)},
  MRNUMBER = {2410121},
       DOI = {10.1007/BF02985731},
       URL = {https://doi.org/10.1007/BF02985731},
}

@article {MR3289286,
    AUTHOR = {Malle, Gunter},
     TITLE = {The proof of {O}re's conjecture (after {E}llers-{G}ordeev and
              {L}iebeck-{O}'{B}rien-{S}halev-{T}iep)},
   JOURNAL = {Ast\'{e}risque},
  FJOURNAL = {Ast\'{e}risque},
    NUMBER = {361},
      YEAR = {2014},
     PAGES = {Exp. No. 1069, ix, 325--348},
      ISSN = {0303-1179},
      ISBN = {978-285629-785-8},
   MRCLASS = {20D05 (20F12)},
  MRNUMBER = {3289286},
MRREVIEWER = {Ronald Solomon},
}

@article {MR2654085,
    AUTHOR = {Liebeck, Martin W. and O'Brien, E. A. and Shalev, Aner and
              Tiep, Pham Huu},
     TITLE = {The {O}re conjecture},
   JOURNAL = {J. Eur. Math. Soc. (JEMS)},
  FJOURNAL = {Journal of the European Mathematical Society (JEMS)},
    VOLUME = {12},
      YEAR = {2010},
    NUMBER = {4},
     PAGES = {939--1008},
      ISSN = {1435-9855},
   MRCLASS = {20D05 (20C15 20D06)},
  MRNUMBER = {2654085},
MRREVIEWER = {Ronald Solomon},
       DOI = {10.4171/JEMS/220},
       URL = {https://doi.org/10.4171/JEMS/220},
}

@article {MR40298,
    AUTHOR = {Ore, Oystein},
     TITLE = {Some remarks on commutators},
   JOURNAL = {Proc. Amer. Math. Soc.},
  FJOURNAL = {Proceedings of the American Mathematical Society},
    VOLUME = {2},
      YEAR = {1951},
     PAGES = {307--314},
      ISSN = {0002-9939},
   MRCLASS = {20.0X},
  MRNUMBER = {40298},
MRREVIEWER = {G. Higman},
       DOI = {10.2307/2032506},
       URL = {https://doi.org/10.2307/2032506},
}

@article {MR2228209,
    AUTHOR = {Guralnick, Robert M. and Robinson, Geoffrey R.},
     TITLE = {On the commuting probability in finite groups},
   JOURNAL = {J. Algebra},
  FJOURNAL = {Journal of Algebra},
    VOLUME = {300},
      YEAR = {2006},
    NUMBER = {2},
     PAGES = {509--528},
      ISSN = {0021-8693},
   MRCLASS = {60C05 (20P05 60B15)},
  MRNUMBER = {2228209},
MRREVIEWER = {Martin V. Hildebrand},
       DOI = {10.1016/j.jalgebra.2005.09.044},
       URL = {https://doi.org/10.1016/j.jalgebra.2005.09.044},
}

@article {MR369512,
    AUTHOR = {Thompson, John G.},
     TITLE = {Nonsolvable finite groups all of whose local subgroups are
              solvable. {IV}, {V}, {VI}},
   JOURNAL = {Pacific J. Math.},
  FJOURNAL = {Pacific Journal of Mathematics},
    VOLUME = {48},
      YEAR = {1973},
     PAGES = {},
      ISSN = {0030-8730},
   MRCLASS = {20D05},
  MRNUMBER = {369512},
MRREVIEWER = {I. D. Macdonald},
       URL = {http://projecteuclid.org/euclid.pjm/1102945433},
}
		
@article {MR313378,
    AUTHOR = {Thompson, John G.},
     TITLE = {Nonsolvable finite groups all of whose local subgroups are
              solvable. {III}},
   JOURNAL = {Pacific J. Math.},
  FJOURNAL = {Pacific Journal of Mathematics},
    VOLUME = {39},
      YEAR = {1971},
     PAGES = {483--534},
      ISSN = {0030-8730},
   MRCLASS = {20D05},
  MRNUMBER = {313378},
MRREVIEWER = {D. K. Friesen},
       URL = {http://projecteuclid.org/euclid.pjm/1102969573},
}
		
@article {MR276325,
    AUTHOR = {Thompson, John G.},
     TITLE = {Nonsolvable finite groups all of whose local subgroups are
              solvable. {II}},
   JOURNAL = {Pacific J. Math.},
  FJOURNAL = {Pacific Journal of Mathematics},
    VOLUME = {33},
      YEAR = {1970},
     PAGES = {451--536},
      ISSN = {0030-8730},
   MRCLASS = {20.29},
  MRNUMBER = {276325},
MRREVIEWER = {D. K. Friesen},
       URL = {http://projecteuclid.org/euclid.pjm/1102976977},
}

@article {MR3827208,
    AUTHOR = {Guralnick, Robert M. and Liebeck, Martin W. and O'Brien, E. A.
              and Shalev, Aner and Tiep, Pham Huu},
     TITLE = {Surjective word maps and {B}urnside's {$p^aq^b$} theorem},
   JOURNAL = {Invent. Math.},
  FJOURNAL = {Inventiones Mathematicae},
    VOLUME = {213},
      YEAR = {2018},
    NUMBER = {2},
     PAGES = {589--695},
      ISSN = {0020-9910},
   MRCLASS = {20F10 (20D05 20D06)},
  MRNUMBER = {3827208},
MRREVIEWER = {Alexander Hermann Bors},
       DOI = {10.1007/s00222-018-0795-z},
       URL = {https://doi.org/10.1007/s00222-018-0795-z},
}
		
@article {MR230809,
    AUTHOR = {Thompson, John G.},
     TITLE = {Nonsolvable finite groups all of whose local subgroups are
              solvable},
   JOURNAL = {Bull. Amer. Math. Soc.},
  FJOURNAL = {Bulletin of the American Mathematical Society},
    VOLUME = {74},
      YEAR = {1968},
     PAGES = {383--437},
      ISSN = {0002-9904},
   MRCLASS = {20.25},
  MRNUMBER = {230809},
MRREVIEWER = {D. Gorenstein},
       DOI = {10.1090/S0002-9904-1968-11953-6},
       URL = {https://doi.org/10.1090/S0002-9904-1968-11953-6},
}

@article {MR1346207,
    AUTHOR = {Flavell, Paul},
     TITLE = {Finite groups in which every two elements generate a soluble
              subgroup},
   JOURNAL = {Invent. Math.},
  FJOURNAL = {Inventiones Mathematicae},
    VOLUME = {121},
      YEAR = {1995},
    NUMBER = {2},
     PAGES = {279--285},
      ISSN = {0020-9910},
   MRCLASS = {20D10 (20D05 20D08)},
  MRNUMBER = {1346207},
MRREVIEWER = {Peter Fleischmann},
       DOI = {10.1007/BF01884299},
       URL = {https://doi.org/10.1007/BF01884299},
}
@article {MR1770615,
    AUTHOR = {Guralnick, R. M. and Wilson, J. S.},
     TITLE = {The probability of generating a finite soluble group},
   JOURNAL = {Proc. London Math. Soc. (3)},
  FJOURNAL = {Proceedings of the London Mathematical Society. Third Series},
    VOLUME = {81},
      YEAR = {2000},
    NUMBER = {2},
     PAGES = {405--427},
      ISSN = {0024-6115},
   MRCLASS = {20P05 (20D10 60C05)},
  MRNUMBER = {1770615},
       DOI = {10.1112/S0024611500012569},
       URL = {https://doi.org/10.1112/S0024611500012569},
}

@article {MR1935849,
    AUTHOR = {Isaacs, I. M. and Navarro, Gabriel},
     TITLE = {New refinements of the {M}c{K}ay conjecture for arbitrary
              finite groups},
   JOURNAL = {Ann. of Math. (2)},
  FJOURNAL = {Annals of Mathematics. Second Series},
    VOLUME = {156},
      YEAR = {2002},
    NUMBER = {1},
     PAGES = {333--344},
      ISSN = {0003-486X},
   MRCLASS = {20C15},
  MRNUMBER = {1935849},
MRREVIEWER = {J. L. Alperin},
       DOI = {10.2307/3597192},
       URL = {https://doi.org/10.2307/3597192},
}

@article {MR332945,
    AUTHOR = {Isaacs, I. M.},
     TITLE = {Characters of solvable and symplectic groups},
   JOURNAL = {Amer. J. Math.},
  FJOURNAL = {American Journal of Mathematics},
    VOLUME = {95},
      YEAR = {1973},
     PAGES = {594--635},
      ISSN = {0002-9327},
   MRCLASS = {20C15},
  MRNUMBER = {332945},
MRREVIEWER = {B. Fein},
       DOI = {10.2307/2373731},
       URL = {https://doi.org/10.2307/2373731},
}

@inproceedings {MR0404417,
    AUTHOR = {Alperin, J. L.},
     TITLE = {The main problem of block theory},
 BOOKTITLE = {Proceedings of the {C}onference on {F}inite {G}roups ({U}niv.
              {U}tah, {P}ark {C}ity, {U}tah, 1975)},
     PAGES = {341--356},
      YEAR = {1976},
   MRCLASS = {20C20},
  MRNUMBER = {0404417},
MRREVIEWER = {W. Feit},
}

@article {MR2336079,
    AUTHOR = {Isaacs, I. M. and Malle, Gunter and Navarro, Gabriel},
     TITLE = {A reduction theorem for the {M}c{K}ay conjecture},
   JOURNAL = {Invent. Math.},
  FJOURNAL = {Inventiones Mathematicae},
    VOLUME = {170},
      YEAR = {2007},
    NUMBER = {1},
     PAGES = {33--101},
      ISSN = {0020-9910},
   MRCLASS = {20C20 (20C33 20C34)},
  MRNUMBER = {2336079},
MRREVIEWER = {Charles W. Eaton},
       DOI = {10.1007/s00222-007-0057-y},
       URL = {https://doi.org/10.1007/s00222-007-0057-y},
}

@article {MR3549625,
    AUTHOR = {Malle, Gunter and Sp\"{a}th, Britta},
     TITLE = {Characters of odd degree},
   JOURNAL = {Ann. of Math. (2)},
  FJOURNAL = {Annals of Mathematics. Second Series},
    VOLUME = {184},
      YEAR = {2016},
    NUMBER = {3},
     PAGES = {869--908},
      ISSN = {0003-486X},
   MRCLASS = {20C15 (20C33 20G40)},
  MRNUMBER = {3549625},
MRREVIEWER = {Bhama Srinivasan},
       DOI = {10.4007/annals.2016.184.3.6},
       URL = {https://doi.org/10.4007/annals.2016.184.3.6},
}

@book {MR3791517,
    AUTHOR = {Isaacs, I. Martin},
     TITLE = {Characters of solvable groups},
    SERIES = {Graduate Studies in Mathematics},
    VOLUME = {189},
 PUBLISHER = {American Mathematical Society, Providence, RI},
      YEAR = {2018},
     PAGES = {xi+368},
      ISBN = {978-1-4704-3485-4},
   MRCLASS = {20-02 (20C15 20C20 20D10 20D15 20D35 20F14 20F16)},
  MRNUMBER = {3791517},
MRREVIEWER = {Gerhard Hiss},
       DOI = {10.1090/gsm/189},
       URL = {https://doi.org/10.1090/gsm/189},
}

@article {MR636194,
    AUTHOR = {Fein, Burton and Kantor, William M. and Schacher, Murray},
     TITLE = {Relative {B}rauer groups. {II}},
   JOURNAL = {J. Reine Angew. Math.},
  FJOURNAL = {Journal f\"{u}r die Reine und Angewandte Mathematik. [Crelle's
              Journal]},
    VOLUME = {328},
      YEAR = {1981},
     PAGES = {39--57},
      ISSN = {0075-4102},
   MRCLASS = {12A60 (12G05 16A18 16A40)},
  MRNUMBER = {636194},
MRREVIEWER = {F. DeMeyer},
       DOI = {10.1515/crll.1981.328.39},
       URL = {https://doi.org/10.1515/crll.1981.328.39},
}

@article {MR1484879,
    AUTHOR = {Guralnick, Robert and Wan, Daqing},
     TITLE = {Bounds for fixed point free elements in a transitive group and
              applications to curves over finite fields},
   JOURNAL = {Israel J. Math.},
  FJOURNAL = {Israel Journal of Mathematics},
    VOLUME = {101},
      YEAR = {1997},
     PAGES = {255--287},
      ISSN = {0021-2172},
   MRCLASS = {12E10 (20B05 20B20)},
  MRNUMBER = {1484879},
MRREVIEWER = {Helmut V\"{o}lklein},
       DOI = {10.1007/BF02760932},
       URL = {https://doi.org/10.1007/BF02760932},
}

@incollection {MR3111271,
    AUTHOR = {Gonthier, Georges and Asperti, Andrea and Avigad, Jeremy and
              et al.},
     TITLE = {A machine-checked proof of the odd order theorem},
 BOOKTITLE = {Interactive theorem proving},
    SERIES = {Lecture Notes in Comput. Sci.},
    VOLUME = {7998},
     PAGES = {163--179},
 PUBLISHER = {Springer, Heidelberg},
      YEAR = {2013},
   MRCLASS = {Expansion},
  MRNUMBER = {3111271},
       DOI = {10.1007/978-3-642-39634-2\_14},
       URL = {https://doi.org/10.1007/978-3-642-39634-2_14},
}

@book {MR2426855,
    AUTHOR = {Isaacs, I. Martin},
     TITLE = {Finite group theory},
    SERIES = {Graduate Studies in Mathematics},
    VOLUME = {92},
 PUBLISHER = {American Mathematical Society, Providence, RI},
      YEAR = {2008},
     PAGES = {xii+350},
      ISBN = {978-0-8218-4344-4},
   MRCLASS = {20Dxx (20-01)},
  MRNUMBER = {2426855},
MRREVIEWER = {Ronald Solomon},
       DOI = {10.1090/gsm/092},
       URL = {https://doi.org/10.1090/gsm/092},
}


@article {MR166261,
    AUTHOR = {Feit, Walter and Thompson, John G.},
     TITLE = {Solvability of groups of odd order},
   JOURNAL = {Pacific J. Math.},
  FJOURNAL = {Pacific Journal of Mathematics},
    VOLUME = {13},
      YEAR = {1963},
     PAGES = {775--1029},
      ISSN = {0030-8730},
   MRCLASS = {20.40 (20.25)},
  MRNUMBER = {166261},
MRREVIEWER = {M. Suzuki},
       URL = {http://projecteuclid.org/euclid.pjm/1103053943},
}

@article {MR297686,
    AUTHOR = {Stephens, N. M.},
     TITLE = {On the {F}eit-{T}hompson conjecture},
   JOURNAL = {Math. Comp.},
  FJOURNAL = {Mathematics of Computation},
    VOLUME = {25},
      YEAR = {1971},
     PAGES = {625},
      ISSN = {0025-5718},
   MRCLASS = {10A10},
  MRNUMBER = {297686},
MRREVIEWER = {J. B. Kelly},
       DOI = {10.2307/2005226},
       URL = {https://doi.org/10.2307/2005226},
}

@book {MR1211633,
    AUTHOR = {Amberg, Bernhard and Franciosi, Silvana and de Giovanni,
              Francesco},
     TITLE = {Products of groups},
    SERIES = {Oxford Mathematical Monographs},
      NOTE = {Oxford Science Publications},
 PUBLISHER = {The Clarendon Press, Oxford University Press, New York},
      YEAR = {1992},
     PAGES = {xii+220},
      ISBN = {0-19-853575-9},
   MRCLASS = {20-02 (20D40 20E15 20F16 20F19)},
  MRNUMBER = {1211633},
MRREVIEWER = {John S. Wilson},
}

@book {MR0450380,
    AUTHOR = {Serre, Jean-Pierre},
     TITLE = {Linear representations of finite groups},
      NOTE = {Translated from the second French edition by Leonard L. Scott,
              Graduate Texts in Mathematics, Vol. 42},
 PUBLISHER = {Springer-Verlag, New York-Heidelberg},
      YEAR = {1977},
     PAGES = {x+170},
      ISBN = {0-387-90190-6},
   MRCLASS = {20CXX},
  MRNUMBER = {0450380},
MRREVIEWER = {W. Feit},
}

@incollection {MR3821142,
    AUTHOR = {Liebeck, Martin W.},
     TITLE = {Applications of character theory of finite simple groups},
 BOOKTITLE = {Local representation theory and simple groups},
    SERIES = {EMS Ser. Lect. Math.},
     PAGES = {323--352},
 PUBLISHER = {Eur. Math. Soc., Z\"{u}rich},
      YEAR = {2018},
   MRCLASS = {20G40 (20C30 20F65)},
  MRNUMBER = {3821142},
MRREVIEWER = {Andreas B\"{a}chle},
}
	
@article {MR1997347,
    AUTHOR = {Serre, Jean-Pierre},
     TITLE = {On a theorem of {J}ordan},
   JOURNAL = {Bull. Amer. Math. Soc. (N.S.)},
  FJOURNAL = {American Mathematical Society. Bulletin. New Series},
    VOLUME = {40},
      YEAR = {2003},
    NUMBER = {4},
     PAGES = {429--440},
      ISSN = {0273-0979},
   MRCLASS = {11F32 (11F11 11F80)},
  MRNUMBER = {1997347},
MRREVIEWER = {Teresa Crespo},
       DOI = {10.1090/S0273-0979-03-00992-3},
       URL = {https://doi.org/10.1090/S0273-0979-03-00992-3},
}